@article{goldberg91,
  author       = {David Goldberg},
  title        = {What Every Computer Scientist Should Know About Floating Point Arithmetic},
  publisher    = {ACM},
  year         = {1991},
  journaltitle = {ACM Computing Surveys},
  volume       = {23}
}

@online{long,
  url   = {https://lh3.googleusercontent.com/nIiwO0V-spcwmg94XOi-irmzB1EJDyk8EkNVaTdBmqvucC7ZAgukbpUmT0YJFdsd7XIWRBYzpJn6MSHF=w544-h544-l90-rj},
  title = {A long URL},
  year  = {2022}
}

@manual{smart,
  url     = {https://ctan.mc1.root.project-creative.net/graphics/pgf/contrib/smartdiagram/smartdiagram.pdf},
  urldate = {2023-04-12},
  title   = {The smartdiagram package},
  year    = {2016}
}

@book{unterstein12,
  author    = {Michael Unterstein and GÃ¼nther Matthiessen},
  title     = {Relationale Datenbanken und SQL in Theorie und Praxis},
  year      = {2012},
  isbn      = {978-3-642-28985-9},
  edition   = {5. Auflage},
  publisher = {Springer Vieweg}
}

@online{wave,
  url    = {http://soundfile.sapp.org/doc/WaveFormat/},
  title  = {Microsoft WAVE soundfile format},
  author = {Craig Sapp},
  urldate = {2023-04-11},
  year   = {1997}
}

@online{long,
  url = {https://lh3.googleusercontent.com/nIiwO0V-spcwmg94XOi-irmzB1EJDyk8EkNVaTdBmqvucC7ZAgukbpUmT0YJFdsd7XIWRBYzpJn6MSHF=w544-h544-l90-rj},
  title = {A long URL},
  urldate = {2023-04-11},
  year = {2022}
}
